<?xml version="1.0" encoding="UTF-8"?>
<zs:searchRetrieveResponse xmlns:zs="http://www.loc.gov/zing/srw/">
  <zs:version>1.1</zs:version>
  <zs:numberOfRecords>64</zs:numberOfRecords>
  <zs:records>
    <zs:record>
      <zs:recordSchema/>
      <zs:recordPacking>xml</zs:recordPacking>
      <zs:recordData>
        <record xmlns="http://www.loc.gov/MARC21/slim">
          <leader>03198cam a22004458i 4500</leader>
          <controlfield tag="001">19765061</controlfield>
          <controlfield tag="005">20170706121044.0</controlfield>
          <controlfield tag="008">170630s2017    vau      b    001 0 eng  </controlfield>
          <datafield tag="906" ind1=" " ind2=" ">
            <subfield code="a">7</subfield>
            <subfield code="b">cbc</subfield>
            <subfield code="c">orignew</subfield>
            <subfield code="d">1</subfield>
            <subfield code="e">ecip</subfield>
            <subfield code="f">20</subfield>
            <subfield code="g">y-gencatlg</subfield>
          </datafield>
          <datafield tag="925" ind1="0" ind2=" ">
            <subfield code="a">acquire</subfield>
            <subfield code="b">1 shelf copy</subfield>
            <subfield code="x">policy default</subfield>
          </datafield>
          <datafield tag="955" ind1=" " ind2=" ">
            <subfield code="b">re23 2017-06-30</subfield>
            <subfield code="i">re23 2017-06-30 (telework) to Dewey</subfield>
            <subfield code="w">re09 2017-07-03 to CIP</subfield>
          </datafield>
          <datafield tag="010" ind1=" " ind2=" ">
            <subfield code="a">  2017009838</subfield>
          </datafield>
          <datafield tag="020" ind1=" " ind2=" ">
            <subfield code="a">9781620363713 (cloth : alk. paper)</subfield>
          </datafield>
          <datafield tag="020" ind1=" " ind2=" ">
            <subfield code="a">9781620363720 (pbk. : alk. paper)</subfield>
          </datafield>
          <datafield tag="020" ind1=" " ind2=" ">
            <subfield code="z">9781620363737 (library networkable e-edition)</subfield>
          </datafield>
          <datafield tag="020" ind1=" " ind2=" ">
            <subfield code="z">9781620363744 (consumer e-edition)</subfield>
          </datafield>
          <datafield tag="040" ind1=" " ind2=" ">
            <subfield code="a">DLC</subfield>
            <subfield code="b">eng</subfield>
            <subfield code="e">rda</subfield>
            <subfield code="c">DLC</subfield>
          </datafield>
          <datafield tag="042" ind1=" " ind2=" ">
            <subfield code="a">pcc</subfield>
          </datafield>
          <datafield tag="043" ind1=" " ind2=" ">
            <subfield code="a">n-us---</subfield>
          </datafield>
          <datafield tag="050" ind1="0" ind2="0">
            <subfield code="a">LB2331.72</subfield>
            <subfield code="b">.A34 2017</subfield>
          </datafield>
          <datafield tag="082" ind1="0" ind2="0">
            <subfield code="a">378.1/2</subfield>
            <subfield code="2">23</subfield>
          </datafield>
          <datafield tag="245" ind1="0" ind2="0">
            <subfield code="a">Adjunct faculty voices :</subfield>
            <subfield code="b">cultivating professional development and community at the front lines of higher education /</subfield>
            <subfield code="c">edited by Roy Fuller, Marie Kendall Brown, and Kimberly Smith.</subfield>
          </datafield>
          <datafield tag="250" ind1=" " ind2=" ">
            <subfield code="a">First edition.</subfield>
          </datafield>
          <datafield tag="263" ind1=" " ind2=" ">
            <subfield code="a">1708</subfield>
          </datafield>
          <datafield tag="264" ind1=" " ind2="1">
            <subfield code="a">Sterling, Virginia :</subfield>
            <subfield code="b">Stylus Publishing,</subfield>
            <subfield code="c">2017.</subfield>
          </datafield>
          <datafield tag="300" ind1=" " ind2=" ">
            <subfield code="a">pages cm</subfield>
          </datafield>
          <datafield tag="336" ind1=" " ind2=" ">
            <subfield code="a">text</subfield>
            <subfield code="b">txt</subfield>
            <subfield code="2">rdacontent</subfield>
          </datafield>
          <datafield tag="337" ind1=" " ind2=" ">
            <subfield code="a">unmediated</subfield>
            <subfield code="b">n</subfield>
            <subfield code="2">rdamedia</subfield>
          </datafield>
          <datafield tag="338" ind1=" " ind2=" ">
            <subfield code="a">volume</subfield>
            <subfield code="b">nc</subfield>
            <subfield code="2">rdacarrier</subfield>
          </datafield>
          <datafield tag="504" ind1=" " ind2=" ">
            <subfield code="a">Includes bibliographical references and index.</subfield>
          </datafield>
          <datafield tag="505" ind1="0" ind2=" ">
            <subfield code="a">A portrait of adjunct faculty -- Adjunct voices -- Co-creating communities of adjunct faculty : mobilizing adjunct voices through connective storytelling / Brandon Hensley -- Exiting the freeway faculty path : using professional development to get out of cruise control / Victoria Shropshire -- We know we have lost : contingency, grieving, and imagination / Chris Potts -- Using a community of practice to enhance the adjunct experience / Paul G. Putman &amp; Bridget A. Kriner -- A survey of adjunct faculty developers -- Model programs across the country, introduction -- Creating faculty development opportunities for adjuncts / Suzanne Tapp &amp; Andrea McCourt -- Creating an adjunct community and supporting its professional development : Kirkwood Community College / Bonde, Larry -- Cultivating scholarly teaching through professional development / Ann Coburn-Collins, Anne M. Acker, Lester L. Altevogt, and Lisa S. Tsay -- The transformative effects of an adjunct faculty academy : one approach to teaching adjuncts pedagogy, instructional design, and best practices / Summer Cherland, Heather Crook, Lindsey Dippold, J.W. Gaberdiel, and Jenalee Remy -- Best practices and innovative faculty development for adjunct faculty / Ruth Fagan-Wilen.</subfield>
          </datafield>
          <datafield tag="650" ind1=" " ind2="0">
            <subfield code="a">College teachers, Part-time</subfield>
            <subfield code="x">Professional relationships</subfield>
            <subfield code="z">United States.</subfield>
          </datafield>
          <datafield tag="650" ind1=" " ind2="0">
            <subfield code="a">College teachers, Part-time</subfield>
            <subfield code="x">Vocational guidance</subfield>
            <subfield code="z">United States.</subfield>
          </datafield>
          <datafield tag="650" ind1=" " ind2="0">
            <subfield code="a">Universities and colleges</subfield>
            <subfield code="z">United States</subfield>
            <subfield code="x">Faculty.</subfield>
          </datafield>
          <datafield tag="650" ind1=" " ind2="0">
            <subfield code="a">College personnel management</subfield>
            <subfield code="z">United States.</subfield>
          </datafield>
          <datafield tag="700" ind1="1" ind2=" ">
            <subfield code="a">Fuller, Roy,</subfield>
            <subfield code="e">editor.</subfield>
          </datafield>
          <datafield tag="700" ind1="1" ind2=" ">
            <subfield code="a">Brown, Marie Kendall,</subfield>
            <subfield code="e">editor.</subfield>
          </datafield>
          <datafield tag="700" ind1="1" ind2=" ">
            <subfield code="a">Smith, Kimberly,</subfield>
            <subfield code="d">1991-</subfield>
            <subfield code="e">editor.</subfield>
          </datafield>
          <datafield tag="776" ind1="0" ind2="8">
            <subfield code="i">Online version:</subfield>
            <subfield code="t">Adjunct faculty voices</subfield>
            <subfield code="b">First edition.</subfield>
            <subfield code="d">Sterling, Virginia : Stylus Publishing, 2017</subfield>
            <subfield code="z">9781620363737</subfield>
            <subfield code="w">(DLC) 2017032586</subfield>
          </datafield>
          <datafield tag="963" ind1=" " ind2=" ">
            <subfield code="a">Alexandra Hartnett; phone: 703-996-1038; email: alexandra@styluspub.com; bc: patricia@styluspub.com</subfield>
          </datafield>
        </record>
      </zs:recordData>
      <zs:recordPosition>1</zs:recordPosition>
    </zs:record>