
    <zs:record>
      <zs:recordSchema/>
      <zs:recordPacking>xml</zs:recordPacking>
      <zs:recordData>
        <record xmlns="http://www.loc.gov/MARC21/slim">
          <leader>03772cam a22004818i 4500</leader>
          <controlfield tag="001">21701750</controlfield>
          <controlfield tag="005">20210730171745.0</controlfield>
          <controlfield tag="006">m    |o  d |      </controlfield>
          <controlfield tag="007">cr |||||||||||</controlfield>
          <controlfield tag="008">200828s2021    nju     ob    001 0 eng  </controlfield>
          <datafield tag="906" ind1=" " ind2=" ">
            <subfield code="a">7</subfield>
            <subfield code="b">cbc</subfield>
            <subfield code="c">orignew</subfield>
            <subfield code="d">1</subfield>
            <subfield code="e">ecip</subfield>
            <subfield code="f">20</subfield>
            <subfield code="g">y-gencatlg</subfield>
          </datafield>
          <datafield tag="925" ind1="0" ind2=" ">
            <subfield code="a">acquire</subfield>
            <subfield code="e">ecip ebook</subfield>
            <subfield code="x">policy default</subfield>
          </datafield>
          <datafield tag="955" ind1=" " ind2=" ">
            <subfield code="a">ecip ebook 2020-09-03</subfield>
          </datafield>
          <datafield tag="010" ind1=" " ind2=" ">
            <subfield code="a">  2020039789</subfield>
          </datafield>
          <datafield tag="020" ind1=" " ind2=" ">
            <subfield code="a">9781119685609</subfield>
            <subfield code="q">(epub)</subfield>
          </datafield>
          <datafield tag="020" ind1=" " ind2=" ">
            <subfield code="a">9781119685593</subfield>
            <subfield code="q">(adobe PDF)</subfield>
          </datafield>
          <datafield tag="020" ind1=" " ind2=" ">
            <subfield code="z">9781119685579</subfield>
            <subfield code="q">(paperback)</subfield>
          </datafield>
          <datafield tag="040" ind1=" " ind2=" ">
            <subfield code="a">DLC</subfield>
            <subfield code="b">eng</subfield>
            <subfield code="c">DLC</subfield>
            <subfield code="e">rda</subfield>
          </datafield>
          <datafield tag="042" ind1=" " ind2=" ">
            <subfield code="a">pcc</subfield>
          </datafield>
          <datafield tag="050" ind1="0" ind2="0">
            <subfield code="a">RT81.8</subfield>
          </datafield>
          <datafield tag="060" ind1="0" ind2="0">
            <subfield code="a">WY 128</subfield>
          </datafield>
          <datafield tag="082" ind1="0" ind2="0">
            <subfield code="a">615.1/4</subfield>
            <subfield code="2">23</subfield>
          </datafield>
          <datafield tag="245" ind1="0" ind2="4">
            <subfield code="a">The advanced practice registered nurse as a prescriber /</subfield>
            <subfield code="c">[edited by] Louise Kaplan, Marie Annette Brown.</subfield>
          </datafield>
          <datafield tag="250" ind1=" " ind2=" ">
            <subfield code="a">[Second edition].</subfield>
          </datafield>
          <datafield tag="263" ind1=" " ind2=" ">
            <subfield code="a">2104</subfield>
          </datafield>
          <datafield tag="264" ind1=" " ind2="1">
            <subfield code="a">Hoboken, NJ :</subfield>
            <subfield code="b">Wiley-Blackwell,</subfield>
            <subfield code="c">2021.</subfield>
          </datafield>
          <datafield tag="300" ind1=" " ind2=" ">
            <subfield code="a">1 online resource</subfield>
          </datafield>
          <datafield tag="336" ind1=" " ind2=" ">
            <subfield code="a">text</subfield>
            <subfield code="b">txt</subfield>
            <subfield code="2">rdacontent</subfield>
          </datafield>
          <datafield tag="337" ind1=" " ind2=" ">
            <subfield code="a">computer</subfield>
            <subfield code="b">c</subfield>
            <subfield code="2">rdamedia</subfield>
          </datafield>
          <datafield tag="338" ind1=" " ind2=" ">
            <subfield code="a">online resource</subfield>
            <subfield code="b">cr</subfield>
            <subfield code="2">rdacarrier</subfield>
          </datafield>
          <datafield tag="500" ind1=" " ind2=" ">
            <subfield code="a">Preceded by The advanced practice registered nurse as a prescriber / Marie Annette Brown, Louise Kaplan. 2012.</subfield>
          </datafield>
          <datafield tag="504" ind1=" " ind2=" ">
            <subfield code="a">Includes bibliographical references and index.</subfield>
          </datafield>
          <datafield tag="505" ind1="0" ind2=" ">
            <subfield code="a">What Do APRN Prescribers Need to Understand? / Louise Kaplan and Marie Annette Brown -- Embracing the Prescriber Role as an APRN / Louise Kaplan and Marie Annette Brown -- Creating a Practice Environment for Fully Autonomous Prescriptive Authority / Marie Annette Brown and Louise Kaplan -- Regulation of Prescriptive Authority / Tracy Klein -- Global Prescribing / Louise Kaplan -- Managing Difficult and Complex Patient Situations / Donna L Poole -- Strategies for Assessing, Monitoring, and Addressing Special Considerations with Controlled Substances / Pamela Stitzlein Davies -- Legal Aspects of Prescribing / Carolyn Dolan -- Authorizing Medical Marijuana and the APRN / Louise Kaplan.</subfield>
          </datafield>
          <datafield tag="520" ind1=" " ind2=" ">
            <subfield code="a">"The purpose of this book is to provide advanced practice registered nurses (APRNs) with the information necessary to be a fully informed, rational, and ethical prescriber. The genesis of this book was our teaching, practice, and research. Throughout our professional lives as nurse practitioners, we have experienced the demands, difficulties and satisfaction inherent in accomplishing this goal. In 2001, Washington State APRNs obtained prescriptive authority for Scheduled II-IV drugs. Our research revealed that when this opportunity was initially optional, many APRNs did not obtain this hard-won prescriptive authority. Some were reluctant to prescribe controlled substances. The slower-than-expected transition prompted our desire to develop a more in-depth understanding of how APRNs adopt the role of a prescriber. Likewise, our colleagues, the chapter authors, were inspired to share their prescribing wisdom gleaned from experience to mentor students and colleagues. They dedicated countless hours to the time-consuming and often difficult challenge of writing in addition to their ongoing professional demands"--</subfield>
            <subfield code="c">Provided by publisher.</subfield>
          </datafield>
          <datafield tag="588" ind1=" " ind2=" ">
            <subfield code="a">Description based on print version record and CIP data provided by publisher; resource not viewed.</subfield>
          </datafield>
          <datafield tag="650" ind1="1" ind2="2">
            <subfield code="a">Advanced Practice Nursing</subfield>
            <subfield code="x">methods</subfield>
          </datafield>
          <datafield tag="650" ind1="2" ind2="2">
            <subfield code="a">Drug Prescriptions</subfield>
            <subfield code="x">nursing</subfield>
          </datafield>
          <datafield tag="650" ind1="2" ind2="2">
            <subfield code="a">Pharmaceutical Preparations</subfield>
            <subfield code="x">administration &amp; dosage</subfield>
          </datafield>
          <datafield tag="700" ind1="1" ind2=" ">
            <subfield code="a">Kaplan, Louise,</subfield>
            <subfield code="e">editor.</subfield>
          </datafield>
          <datafield tag="700" ind1="1" ind2=" ">
            <subfield code="a">Brown, Marie Annette,</subfield>
            <subfield code="e">editor.</subfield>
          </datafield>
          <datafield tag="700" ind1="1" ind2=" ">
            <subfield code="i">Preceded by (work):</subfield>
            <subfield code="a">Brown, Marie Annette.</subfield>
            <subfield code="t">Advanced practice registered nurse as a prescriber.</subfield>
          </datafield>
          <datafield tag="776" ind1="0" ind2="8">
            <subfield code="i">Print version:</subfield>
            <subfield code="t">The advanced practice registered nurse as a prescriber</subfield>
            <subfield code="b">[Second edition].</subfield>
            <subfield code="d">Hoboken, NJ : Wiley-Blackwell, 2021.</subfield>
            <subfield code="z">9781119685579</subfield>
            <subfield code="w">(DLC) 2020039788</subfield>
          </datafield>
          <datafield tag="985" ind1=" " ind2=" ">
            <subfield code="a">LC online resource</subfield>
            <subfield code="d">2020-09-03</subfield>
          </datafield>
        </record>
      </zs:recordData>
      <zs:recordPosition>3</zs:recordPosition>
    </zs:record>