
    <zs:record>
      <zs:recordSchema/>
      <zs:recordPacking>xml</zs:recordPacking>
      <zs:recordData>
        <record xmlns="http://www.loc.gov/MARC21/slim">
          <leader>00859cam a22002411  4500</leader>
          <controlfield tag="001">9618788</controlfield>
          <controlfield tag="005">20220216110152.0</controlfield>
          <controlfield tag="008">780124s1873    pauf          000 1 eng  </controlfield>
          <datafield tag="906" ind1=" " ind2=" ">
            <subfield code="a">7</subfield>
            <subfield code="b">cbc</subfield>
            <subfield code="c">oclcrpl</subfield>
            <subfield code="d">u</subfield>
            <subfield code="e">ncip</subfield>
            <subfield code="f">19</subfield>
            <subfield code="g">y-gencatlg</subfield>
          </datafield>
          <datafield tag="955" ind1=" " ind2=" ">
            <subfield code="u">ma02 2022-02-16 telework</subfield>
          </datafield>
          <datafield tag="035" ind1=" " ind2=" ">
            <subfield code="9">(DLC)   07034713</subfield>
          </datafield>
          <datafield tag="010" ind1=" " ind2=" ">
            <subfield code="a">   07034713 </subfield>
          </datafield>
          <datafield tag="035" ind1=" " ind2=" ">
            <subfield code="a">(OCoLC)3577645</subfield>
          </datafield>
          <datafield tag="040" ind1=" " ind2=" ">
            <subfield code="a">DLC</subfield>
            <subfield code="c">NcWU</subfield>
            <subfield code="d">OCoLC</subfield>
            <subfield code="d">DLC</subfield>
          </datafield>
          <datafield tag="041" ind1="1" ind2=" ">
            <subfield code="a">eng</subfield>
            <subfield code="h">swe</subfield>
          </datafield>
          <datafield tag="050" ind1="0" ind2="0">
            <subfield code="a">PZ1</subfield>
            <subfield code="b">.N814</subfield>
          </datafield>
          <datafield tag="245" ind1="0" ind2="0">
            <subfield code="a">Northern lights.</subfield>
            <subfield code="b">Stories from Swedish and Finnish authors.</subfield>
            <subfield code="c">Tr. by Selma Borg and Marie A. Brown...</subfield>
          </datafield>
          <datafield tag="260" ind1=" " ind2=" ">
            <subfield code="a">Philadelphia,</subfield>
            <subfield code="b">Porter &amp; Coates</subfield>
            <subfield code="c">[1873]</subfield>
          </datafield>
          <datafield tag="300" ind1=" " ind2=" ">
            <subfield code="a">iv, 13-470 p.</subfield>
            <subfield code="b">front., plates</subfield>
            <subfield code="c">20 cm.</subfield>
          </datafield>
          <datafield tag="700" ind1="1" ind2=" ">
            <subfield code="a">Borg, Selma Josefina,</subfield>
            <subfield code="d">1838-</subfield>
            <subfield code="e">translator.</subfield>
          </datafield>
          <datafield tag="700" ind1="1" ind2=" ">
            <subfield code="a">Shipley, Marie A.</subfield>
            <subfield code="q">(Marie Adelaide),</subfield>
            <subfield code="d">1843-1900,</subfield>
            <subfield code="e">translator.</subfield>
          </datafield>
          <datafield tag="985" ind1=" " ind2=" ">
            <subfield code="e">OCLC REPLACEMENT</subfield>
          </datafield>
          <datafield tag="991" ind1=" " ind2=" ">
            <subfield code="b">c-GenColl</subfield>
            <subfield code="h">PZ1</subfield>
            <subfield code="i">.N814</subfield>
            <subfield code="t">Copy 1</subfield>
            <subfield code="w">OCLCREP</subfield>
          </datafield>
        </record>
      </zs:recordData>
      <zs:recordPosition>10</zs:recordPosition>
    </zs:record>