
    <zs:record>
      <zs:recordSchema/>
      <zs:recordPacking>xml</zs:recordPacking>
      <zs:recordData>
        <record xmlns="http://www.loc.gov/MARC21/slim">
          <leader>01287pam a2200361 i 4500</leader>
          <controlfield tag="001">1791474</controlfield>
          <controlfield tag="005">20021213104725.0</controlfield>
          <controlfield tag="008">780503s1979    nyua     b    001 0 eng  </controlfield>
          <datafield tag="035" ind1=" " ind2=" ">
            <subfield code="9">(DLC)   78009679</subfield>
          </datafield>
          <datafield tag="906" ind1=" " ind2=" ">
            <subfield code="a">7</subfield>
            <subfield code="b">cbc</subfield>
            <subfield code="c">orignew</subfield>
            <subfield code="d">1</subfield>
            <subfield code="e">ocip</subfield>
            <subfield code="f">19</subfield>
            <subfield code="g">y-gencatlg</subfield>
          </datafield>
          <datafield tag="010" ind1=" " ind2=" ">
            <subfield code="a">   78009679 </subfield>
          </datafield>
          <datafield tag="020" ind1=" " ind2=" ">
            <subfield code="a">0070010196</subfield>
          </datafield>
          <datafield tag="040" ind1=" " ind2=" ">
            <subfield code="a">DLC</subfield>
            <subfield code="c">DLC</subfield>
            <subfield code="d">DLC</subfield>
          </datafield>
          <datafield tag="050" ind1="0" ind2="0">
            <subfield code="a">RJ50</subfield>
            <subfield code="b">.A4 1979</subfield>
          </datafield>
          <datafield tag="060" ind1=" " ind2=" ">
            <subfield code="a">WY159 A377p</subfield>
          </datafield>
          <datafield tag="082" ind1="0" ind2="0">
            <subfield code="a">618.9/2007/54</subfield>
          </datafield>
          <datafield tag="100" ind1="1" ind2=" ">
            <subfield code="a">Alexander, Mary M.</subfield>
            <subfield code="q">(Mary Merkel)</subfield>
          </datafield>
          <datafield tag="245" ind1="1" ind2="0">
            <subfield code="a">Pediatric history taking and physical diagnosis for nurses /</subfield>
            <subfield code="c">Mary M. Alexander, Marie Scott Brown.</subfield>
          </datafield>
          <datafield tag="250" ind1=" " ind2=" ">
            <subfield code="a">2d ed.</subfield>
          </datafield>
          <datafield tag="260" ind1=" " ind2=" ">
            <subfield code="a">New York :</subfield>
            <subfield code="b">McGraw-Hill,</subfield>
            <subfield code="c">c1979.</subfield>
          </datafield>
          <datafield tag="300" ind1=" " ind2=" ">
            <subfield code="a">viii, 529 p. :</subfield>
            <subfield code="b">ill. ;</subfield>
            <subfield code="c">23 cm.</subfield>
          </datafield>
          <datafield tag="500" ind1=" " ind2=" ">
            <subfield code="a">First ed. published in 1974 under title: Pediatric physical diagnosis for nurses.</subfield>
          </datafield>
          <datafield tag="504" ind1=" " ind2=" ">
            <subfield code="a">Bibliography: p. 505-508.</subfield>
          </datafield>
          <datafield tag="500" ind1=" " ind2=" ">
            <subfield code="a">Includes index.</subfield>
          </datafield>
          <datafield tag="650" ind1=" " ind2="0">
            <subfield code="a">Children</subfield>
            <subfield code="x">Medical examinations.</subfield>
          </datafield>
          <datafield tag="650" ind1=" " ind2="0">
            <subfield code="a">Physical diagnosis.</subfield>
          </datafield>
          <datafield tag="650" ind1=" " ind2="0">
            <subfield code="a">Medical history taking.</subfield>
          </datafield>
          <datafield tag="650" ind1=" " ind2="0">
            <subfield code="a">Pediatric nursing.</subfield>
          </datafield>
          <datafield tag="650" ind1=" " ind2="2">
            <subfield code="a">Pediatrics</subfield>
            <subfield code="x">Nursing texts.</subfield>
          </datafield>
          <datafield tag="650" ind1=" " ind2="2">
            <subfield code="a">Physical examination</subfield>
            <subfield code="x">In infancy and childhood</subfield>
            <subfield code="x">Nursing texts.</subfield>
          </datafield>
          <datafield tag="650" ind1=" " ind2="2">
            <subfield code="a">Medical records</subfield>
            <subfield code="x">Nursing texts.</subfield>
          </datafield>
          <datafield tag="700" ind1="1" ind2=" ">
            <subfield code="a">Brown, Marie Scott,</subfield>
            <subfield code="e">joint author.</subfield>
          </datafield>
          <datafield tag="991" ind1=" " ind2=" ">
            <subfield code="b">c-GenColl</subfield>
            <subfield code="h">RJ50</subfield>
            <subfield code="i">.A4 1979</subfield>
            <subfield code="t">Copy 1</subfield>
            <subfield code="w">BOOKS</subfield>
          </datafield>
        </record>
      </zs:recordData>
      <zs:recordPosition>17</zs:recordPosition>
    </zs:record>