
    <zs:record>
      <zs:recordSchema/>
      <zs:recordPacking>xml</zs:recordPacking>
      <zs:recordData>
        <record xmlns="http://www.loc.gov/MARC21/slim">
          <leader>03259cam a2200517 i 4500</leader>
          <controlfield tag="001">20189508</controlfield>
          <controlfield tag="005">20201019092915.0</controlfield>
          <controlfield tag="008">171212s2017    nz a     b    000 0 eng  </controlfield>
          <datafield tag="906" ind1=" " ind2=" ">
            <subfield code="a">7</subfield>
            <subfield code="b">cbc</subfield>
            <subfield code="c">copycat</subfield>
            <subfield code="d">2</subfield>
            <subfield code="e">ncip</subfield>
            <subfield code="f">20</subfield>
            <subfield code="g">y-gencatlg</subfield>
          </datafield>
          <datafield tag="925" ind1="0" ind2=" ">
            <subfield code="a">acquire</subfield>
            <subfield code="b">1 shelf copy</subfield>
            <subfield code="x">policy default</subfield>
          </datafield>
          <datafield tag="955" ind1=" " ind2=" ">
            <subfield code="b">hc17 2017-12-12 z-processor</subfield>
            <subfield code="a">hc16 2018-12-20 to Law Section</subfield>
            <subfield code="b">xg11 2020-10-19 z-processor</subfield>
            <subfield code="i">xg11 2020-10-19 to BCCD</subfield>
          </datafield>
          <datafield tag="010" ind1=" " ind2=" ">
            <subfield code="a">  2017479257</subfield>
          </datafield>
          <datafield tag="020" ind1=" " ind2=" ">
            <subfield code="a">9780987666079</subfield>
          </datafield>
          <datafield tag="020" ind1=" " ind2=" ">
            <subfield code="a">098766607X</subfield>
          </datafield>
          <datafield tag="035" ind1=" " ind2=" ">
            <subfield code="a">(OCoLC)ocn975989931</subfield>
          </datafield>
          <datafield tag="040" ind1=" " ind2=" ">
            <subfield code="a">NZ1</subfield>
            <subfield code="b">eng</subfield>
            <subfield code="c">NZ1</subfield>
            <subfield code="e">rda</subfield>
            <subfield code="d">UY0</subfield>
            <subfield code="d">UX1</subfield>
            <subfield code="d">OCLCF</subfield>
            <subfield code="d">UX0</subfield>
            <subfield code="d">UV1</subfield>
            <subfield code="d">Z5U</subfield>
            <subfield code="d">OCLCO</subfield>
            <subfield code="d">OCL</subfield>
            <subfield code="d">OCLCA</subfield>
            <subfield code="d">YDX</subfield>
            <subfield code="d">NZTOI</subfield>
            <subfield code="d">OCLCQ</subfield>
            <subfield code="d">NZWGA</subfield>
            <subfield code="d">DLC</subfield>
          </datafield>
          <datafield tag="042" ind1=" " ind2=" ">
            <subfield code="a">nznb</subfield>
            <subfield code="a">lccopycat</subfield>
          </datafield>
          <datafield tag="043" ind1=" " ind2=" ">
            <subfield code="a">u-nz---</subfield>
          </datafield>
          <datafield tag="050" ind1="0" ind2="0">
            <subfield code="a">K3581</subfield>
            <subfield code="b">.B76 2017</subfield>
          </datafield>
          <datafield tag="082" ind1="0" ind2="4">
            <subfield code="a">333.720993</subfield>
            <subfield code="2">23</subfield>
          </datafield>
          <datafield tag="084" ind1=" " ind2=" ">
            <subfield code="a">KN94.L1</subfield>
            <subfield code="b">B769 2017</subfield>
            <subfield code="2">moys</subfield>
          </datafield>
          <datafield tag="100" ind1="1" ind2=" ">
            <subfield code="a">Brown, Marie A.</subfield>
            <subfield code="q">(Marie Amanda),</subfield>
            <subfield code="e">author.</subfield>
          </datafield>
          <datafield tag="245" ind1="1" ind2="0">
            <subfield code="a">Last line of defence :</subfield>
            <subfield code="b">compliance monitoring and enforcement of New Zealand's environmental law /</subfield>
            <subfield code="c">Marie A. Brown.</subfield>
          </datafield>
          <datafield tag="264" ind1=" " ind2="1">
            <subfield code="a">Auckland :</subfield>
            <subfield code="b">Environmental Defence Society published with ... New Zealand Law Foundation,</subfield>
            <subfield code="c">2017.</subfield>
          </datafield>
          <datafield tag="300" ind1=" " ind2=" ">
            <subfield code="a">xii, 104 pages :</subfield>
            <subfield code="b">colour illustrations ;</subfield>
            <subfield code="c">30 cm.</subfield>
          </datafield>
          <datafield tag="336" ind1=" " ind2=" ">
            <subfield code="a">text</subfield>
            <subfield code="b">txt</subfield>
            <subfield code="2">rdacontent</subfield>
          </datafield>
          <datafield tag="337" ind1=" " ind2=" ">
            <subfield code="a">unmediated</subfield>
            <subfield code="b">n</subfield>
            <subfield code="2">rdamedia</subfield>
          </datafield>
          <datafield tag="338" ind1=" " ind2=" ">
            <subfield code="a">volume</subfield>
            <subfield code="b">nc</subfield>
            <subfield code="2">rdacarrier</subfield>
          </datafield>
          <datafield tag="490" ind1="1" ind2=" ">
            <subfield code="a">EDS Guide series</subfield>
          </datafield>
          <datafield tag="504" ind1=" " ind2=" ">
            <subfield code="a">Includes bibliographical references.</subfield>
          </datafield>
          <datafield tag="520" ind1="0" ind2=" ">
            <subfield code="a">"Compliance, monitoring and enforcement of environmental law is the last line of defence for the public interest in nature. Poorly implemented, statutory aspirations may struggle to be achieved and the environment ultimately pays the price. Despite its pivotal importance to policy outcomes, it is often deprioritised compared with other stages of the policy cycle. This report shines a light on the approach of many of our agencies to this important role, provides insight into important innovations underway and signals where improvements are needed and what they might look like"--Back cover.</subfield>
          </datafield>
          <datafield tag="505" ind1="0" ind2=" ">
            <subfield code="a">Introduction. Overview -- A snapshot of environmental enforcement in New Zealand -- Conservation law enforcement by DOC : wildlife and protected species -- MfE and councils : planning and environmental protection under the RMA -- The EPA and the EEZ Act -- Fish and Game New Zealand -- MPI and indigenous forestry -- LINZ and the high country -- The OIO and sensitive lands -- QEII National Trust and private land conservation covenants -- The highlights and the lowlights -- Pulling the threads together -- A search for solutions.</subfield>
          </datafield>
          <datafield tag="650" ind1=" " ind2="0">
            <subfield code="a">Environmental monitoring</subfield>
            <subfield code="z">New Zealand.</subfield>
          </datafield>
          <datafield tag="650" ind1=" " ind2="0">
            <subfield code="a">Environmental protection</subfield>
            <subfield code="z">New Zealand.</subfield>
          </datafield>
          <datafield tag="650" ind1=" " ind2="0">
            <subfield code="a">Environmental policy</subfield>
            <subfield code="z">New Zealand.</subfield>
          </datafield>
          <datafield tag="655" ind1=" " ind2="4">
            <subfield code="a">BOOK</subfield>
          </datafield>
          <datafield tag="655" ind1=" " ind2="4">
            <subfield code="a">PUBLISHED IN NEW ZEALAND</subfield>
          </datafield>
          <datafield tag="650" ind1=" " ind2="7">
            <subfield code="a">Environmental monitoring.</subfield>
            <subfield code="2">fast</subfield>
            <subfield code="0">(OCoLC)fst00913214</subfield>
          </datafield>
          <datafield tag="650" ind1=" " ind2="7">
            <subfield code="a">Environmental policy.</subfield>
            <subfield code="2">fast</subfield>
            <subfield code="0">(OCoLC)fst00913250</subfield>
          </datafield>
          <datafield tag="650" ind1=" " ind2="7">
            <subfield code="a">Environmental protection.</subfield>
            <subfield code="2">fast</subfield>
            <subfield code="0">(OCoLC)fst00913324</subfield>
          </datafield>
          <datafield tag="651" ind1=" " ind2="7">
            <subfield code="a">New Zealand.</subfield>
            <subfield code="2">fast</subfield>
            <subfield code="0">(OCoLC)fst01204542</subfield>
          </datafield>
          <datafield tag="710" ind1="2" ind2=" ">
            <subfield code="a">Environmental Defence Society (N.Z.),</subfield>
            <subfield code="e">issuing body.</subfield>
          </datafield>
          <datafield tag="710" ind1="2" ind2=" ">
            <subfield code="a">New Zealand Law Foundation.</subfield>
          </datafield>
          <datafield tag="776" ind1="0" ind2="8">
            <subfield code="i">Online version:</subfield>
            <subfield code="t">Last line of defence</subfield>
          </datafield>
          <datafield tag="830" ind1=" " ind2="0">
            <subfield code="a">EDS Guide series.</subfield>
          </datafield>
          <datafield tag="923" ind1=" " ind2=" ">
            <subfield code="a">Purchase</subfield>
            <subfield code="d">2017-11-21</subfield>
            <subfield code="n">331075</subfield>
            <subfield code="s">GOBI Library Solutions from EBSCO</subfield>
          </datafield>
        </record>
      </zs:recordData>
      <zs:recordPosition>24</zs:recordPosition>
    </zs:record>