
    <zs:record>
      <zs:recordSchema/>
      <zs:recordPacking>xml</zs:recordPacking>
      <zs:recordData>
        <record xmlns="http://www.loc.gov/MARC21/slim">
          <leader>03612cam a2200373 i 4500</leader>
          <controlfield tag="001">22112799</controlfield>
          <controlfield tag="005">20220404071349.0</controlfield>
          <controlfield tag="008">210630s2022    hiua     b    001 0 eng  </controlfield>
          <datafield tag="906" ind1=" " ind2=" ">
            <subfield code="a">7</subfield>
            <subfield code="b">cbc</subfield>
            <subfield code="c">orignew</subfield>
            <subfield code="d">1</subfield>
            <subfield code="e">ecip</subfield>
            <subfield code="f">20</subfield>
            <subfield code="g">y-gencatlg</subfield>
          </datafield>
          <datafield tag="925" ind1="0" ind2=" ">
            <subfield code="a">acquire</subfield>
            <subfield code="b">1 shelf copy</subfield>
            <subfield code="x">policy default</subfield>
          </datafield>
          <datafield tag="955" ind1=" " ind2=" ">
            <subfield code="b">HU 2021-06-30</subfield>
            <subfield code="e">js14 2021-09-24 to Dewey</subfield>
            <subfield code="w">xm07 2021-09-27</subfield>
            <subfield code="a">xn16 2022-03-01 1 copy rec'd., to CIP ver.</subfield>
            <subfield code="a">rk20 2022-03-22 book received in ART</subfield>
            <subfield code="f">rk24 2022-03-31 to PresSrvs</subfield>
          </datafield>
          <datafield tag="010" ind1=" " ind2=" ">
            <subfield code="a">  2021028039</subfield>
          </datafield>
          <datafield tag="020" ind1=" " ind2=" ">
            <subfield code="a">9780824889944</subfield>
            <subfield code="q">(hardback)</subfield>
          </datafield>
          <datafield tag="020" ind1=" " ind2=" ">
            <subfield code="a">9780824889951</subfield>
            <subfield code="q">(paperback)</subfield>
          </datafield>
          <datafield tag="020" ind1=" " ind2=" ">
            <subfield code="z">9780824891091</subfield>
            <subfield code="q">(adobe pdf)</subfield>
          </datafield>
          <datafield tag="020" ind1=" " ind2=" ">
            <subfield code="z">9780824891107</subfield>
            <subfield code="q">(epub)</subfield>
          </datafield>
          <datafield tag="020" ind1=" " ind2=" ">
            <subfield code="z">9780824891114</subfield>
            <subfield code="q">(kindle edition)</subfield>
          </datafield>
          <datafield tag="040" ind1=" " ind2=" ">
            <subfield code="a">HU/DLC</subfield>
            <subfield code="b">eng</subfield>
            <subfield code="e">rda</subfield>
            <subfield code="c">DLC</subfield>
            <subfield code="d">DLC</subfield>
          </datafield>
          <datafield tag="042" ind1=" " ind2=" ">
            <subfield code="a">pcc</subfield>
          </datafield>
          <datafield tag="050" ind1="0" ind2="0">
            <subfield code="a">BL2620.H3</subfield>
            <subfield code="b">B76 2022</subfield>
          </datafield>
          <datafield tag="082" ind1="0" ind2="0">
            <subfield code="a">299/.92420212</subfield>
            <subfield code="2">23</subfield>
          </datafield>
          <datafield tag="100" ind1="1" ind2=" ">
            <subfield code="a">Brown, Marie Alohalani,</subfield>
            <subfield code="e">author.</subfield>
          </datafield>
          <datafield tag="245" ind1="1" ind2="3">
            <subfield code="a">Ka poe moo akua :</subfield>
            <subfield code="b">Hawaiian reptilian water deities /</subfield>
            <subfield code="c">Marie Alohalani Brown.</subfield>
          </datafield>
          <datafield tag="246" ind1="3" ind2="1">
            <subfield code="a">Hawaiian reptilian water deities</subfield>
          </datafield>
          <datafield tag="264" ind1=" " ind2="1">
            <subfield code="a">Honolulu :</subfield>
            <subfield code="b">University of Hawaii Press,</subfield>
            <subfield code="c">[2022]</subfield>
          </datafield>
          <datafield tag="300" ind1=" " ind2=" ">
            <subfield code="a">xviii, 264 pages :</subfield>
            <subfield code="b">illustrations ;</subfield>
            <subfield code="c">24 cm</subfield>
          </datafield>
          <datafield tag="336" ind1=" " ind2=" ">
            <subfield code="a">text</subfield>
            <subfield code="b">txt</subfield>
            <subfield code="2">rdacontent</subfield>
          </datafield>
          <datafield tag="337" ind1=" " ind2=" ">
            <subfield code="a">unmediated</subfield>
            <subfield code="b">n</subfield>
            <subfield code="2">rdamedia</subfield>
          </datafield>
          <datafield tag="338" ind1=" " ind2=" ">
            <subfield code="a">volume</subfield>
            <subfield code="b">nc</subfield>
            <subfield code="2">rdacarrier</subfield>
          </datafield>
          <datafield tag="504" ind1=" " ind2=" ">
            <subfield code="a">Includes bibliographical references (pages 231-253) and index.</subfield>
          </datafield>
          <datafield tag="505" ind1="0" ind2=" ">
            <subfield code="a">Moo Akua and water -- The Moo Akua form and the Kino Lau associated with All Moo -- Moo-Specific Kino Lau -- Kinship and Antagonism between the Moo and Pele Clans -- Moo Roles and functions past and present.</subfield>
          </datafield>
          <datafield tag="520" ind1=" " ind2=" ">
            <subfield code="a">"Revered and reviled, reptiles have slithered, glided, crawled, and climbed their way through the human imagination and into prominent places in many cultures and belief systems around the world. Ka Poe Moo Akua: Hawaiian Reptilian Water Deities explores the fearsome and fascinating creatures known as moo that embody the life-giving and death-dealing properties of water. Moo are not ocean-dwellers; instead, they live primarily in or near bodies of freshwater. They vary greatly in size, appearing as tall as a mountain or as tiny as a house gecko, and many possess alternate forms. Moo are predominantly female, and the female moo that masquerade as humans are often described as stunningly beautiful. During an earlier period in Hawaiian history, moo akua held distinctive roles and filled a variety of functions in overlapping familial, societal, economic, political sectors. Religion, people's belief in moo akua, was the foundation upon which these roles and functions were established. Marie Alohalani Brown's extensive research in Hawaiian-language archives has recovered knowledge about more than three hundred moo. In addition to being a comprehensive treatise on moo akua, this work includes a detailed catalog of 288 individual moo with source citations. It makes major contributions to the politics and poetics of reconstructing ike kupuna (ancestral knowledge), Hawaiian aesthetics, the nature of tradition, the study and appreciation of moolelo and kaao (hi/stories), genre analysis and metadiscursive practices, and methodologies for conducting research in Hawaiian-language newspapers. An extensive introduction also offers readers context for understanding how these uniquely Hawaiian deities relate to other reptilian entities in Polynesia and around the world. Accessibly written about a captivating subject, this extraordinary monograph is the result of over two decades of dedicated study"--</subfield>
            <subfield code="c">Provided by publisher.</subfield>
          </datafield>
          <datafield tag="650" ind1=" " ind2="0">
            <subfield code="a">Moo (Hawaiian deities)</subfield>
          </datafield>
          <datafield tag="985" ind1=" " ind2=" ">
            <subfield code="a">HUCIP</subfield>
            <subfield code="d">2021-06-30</subfield>
          </datafield>
        </record>
      </zs:recordData>
      <zs:recordPosition>27</zs:recordPosition>
    </zs:record>