
    <zs:record>
      <zs:recordSchema/>
      <zs:recordPacking>xml</zs:recordPacking>
      <zs:recordData>
        <record xmlns="http://www.loc.gov/MARC21/slim">
          <leader>02068cam a22003374a 4500</leader>
          <controlfield tag="001">16890630</controlfield>
          <controlfield tag="005">20150224155932.0</controlfield>
          <controlfield tag="008">110725s2012    enk      b    001 0 eng  </controlfield>
          <datafield tag="906" ind1=" " ind2=" ">
            <subfield code="a">7</subfield>
            <subfield code="b">cbc</subfield>
            <subfield code="c">orignew</subfield>
            <subfield code="d">1</subfield>
            <subfield code="e">ecip</subfield>
            <subfield code="f">20</subfield>
            <subfield code="g">y-gencatlg</subfield>
          </datafield>
          <datafield tag="925" ind1="1" ind2=" ">
            <subfield code="a">acquire</subfield>
            <subfield code="b">2 shelf copies</subfield>
            <subfield code="x">policy default</subfield>
          </datafield>
          <datafield tag="925" ind1="0" ind2=" ">
            <subfield code="a">acquire</subfield>
            <subfield code="b">1 shelf copy</subfield>
            <subfield code="x">Sel/rjc, 2015-02-24</subfield>
          </datafield>
          <datafield tag="955" ind1=" " ind2=" ">
            <subfield code="w">rd13 2011-08-05</subfield>
            <subfield code="a">xn02 2013-04-03 bk rec'd, to CIP ver.</subfield>
            <subfield code="f">re06 2013-07-31 to BCCD</subfield>
          </datafield>
          <datafield tag="010" ind1=" " ind2=" ">
            <subfield code="a">  2011031409</subfield>
          </datafield>
          <datafield tag="020" ind1=" " ind2=" ">
            <subfield code="a">9780813805245 (pbk. : alk. paper)</subfield>
          </datafield>
          <datafield tag="020" ind1=" " ind2=" ">
            <subfield code="a">0813805244 (pbk. : alk. paper)</subfield>
          </datafield>
          <datafield tag="035" ind1=" " ind2=" ">
            <subfield code="a">(DNLM)101565389</subfield>
          </datafield>
          <datafield tag="040" ind1=" " ind2=" ">
            <subfield code="a">DNLM/DLC</subfield>
            <subfield code="c">DLC</subfield>
            <subfield code="d">DLC</subfield>
          </datafield>
          <datafield tag="042" ind1=" " ind2=" ">
            <subfield code="a">pcc</subfield>
          </datafield>
          <datafield tag="050" ind1="0" ind2="0">
            <subfield code="a">RT81.8</subfield>
            <subfield code="b">.B76 2012</subfield>
          </datafield>
          <datafield tag="082" ind1="0" ind2="0">
            <subfield code="a">615.1/4</subfield>
            <subfield code="2">23</subfield>
          </datafield>
          <datafield tag="100" ind1="1" ind2=" ">
            <subfield code="a">Brown, Marie Annette.</subfield>
          </datafield>
          <datafield tag="245" ind1="1" ind2="4">
            <subfield code="a">The advanced practice registered nurse as a prescriber /</subfield>
            <subfield code="c">Marie Annette Brown, Louise Kaplan.</subfield>
          </datafield>
          <datafield tag="260" ind1=" " ind2=" ">
            <subfield code="a">Chichester, West Sussex, UK :</subfield>
            <subfield code="b">Wiley-Blackwell,</subfield>
            <subfield code="c">2012.</subfield>
          </datafield>
          <datafield tag="300" ind1=" " ind2=" ">
            <subfield code="a">xii, 272 p. ;</subfield>
            <subfield code="c">19 cm.</subfield>
          </datafield>
          <datafield tag="504" ind1=" " ind2=" ">
            <subfield code="a">Includes bibliographical references and index.</subfield>
          </datafield>
          <datafield tag="505" ind1="0" ind2=" ">
            <subfield code="a">What do APRN prescribers need to understand? / Marie Annette Brown and Louise Kaplan -- Embracing the prescriber role as an advanced practice registered nurse / Nancy Crigger ... [et al.] -- Creating a practice environment for fully autonomous prescriptive authority / Marie Annette Brown and Louise Kaplan -- Strategies for assessing, monitoring, and addressing special considerations with controlled substances / Pam Stitzlein Davies -- Managing difficult patient situations / Donna Poole, Marie Annette Brown, and Louise Kaplan -- The influences of pharmaceutical marketing on APRN prescribing / Elissa Ladd -- Regulation of prescriptive authority / Tracy Klein -- Legal aspects of prescribing / Carolyn Buppert -- The role of cultural competence in prescribing medications / Mary Sobralske, Louise Kaplan, and Marie Annette Brown.</subfield>
          </datafield>
          <datafield tag="650" ind1="1" ind2="2">
            <subfield code="a">Advanced Practice Nursing.</subfield>
          </datafield>
          <datafield tag="650" ind1="2" ind2="2">
            <subfield code="a">Drug Prescriptions</subfield>
            <subfield code="x">nursing.</subfield>
          </datafield>
          <datafield tag="650" ind1="2" ind2="2">
            <subfield code="a">Pharmaceutical Preparations</subfield>
            <subfield code="x">administration &amp; dosage.</subfield>
          </datafield>
          <datafield tag="700" ind1="1" ind2=" ">
            <subfield code="a">Kaplan, Louise.</subfield>
          </datafield>
          <datafield tag="985" ind1=" " ind2=" ">
            <subfield code="a">NLMCIP</subfield>
            <subfield code="d">2011-07-27</subfield>
          </datafield>
        </record>
      </zs:recordData>
      <zs:recordPosition>28</zs:recordPosition>
    </zs:record>