
    <zs:record>
      <zs:recordSchema/>
      <zs:recordPacking>xml</zs:recordPacking>
      <zs:recordData>
        <record xmlns="http://www.loc.gov/MARC21/slim">
          <leader>01895cam a22003978i 4500</leader>
          <controlfield tag="001">19375853</controlfield>
          <controlfield tag="005">20171208141045.0</controlfield>
          <controlfield tag="008">161115s2017    cau      b    001 0 eng c</controlfield>
          <datafield tag="906" ind1=" " ind2=" ">
            <subfield code="a">7</subfield>
            <subfield code="b">cbc</subfield>
            <subfield code="c">orignew</subfield>
            <subfield code="d">1</subfield>
            <subfield code="e">ecip</subfield>
            <subfield code="f">20</subfield>
            <subfield code="g">y-gencatlg</subfield>
          </datafield>
          <datafield tag="925" ind1="0" ind2=" ">
            <subfield code="a">acquire</subfield>
            <subfield code="b">1 shelf copy</subfield>
            <subfield code="x">policy default</subfield>
          </datafield>
          <datafield tag="955" ind1=" " ind2=" ">
            <subfield code="a">CSt</subfield>
            <subfield code="e">rm11 2016-11-18 to Dewey</subfield>
            <subfield code="w">xm09 2016-11-21</subfield>
            <subfield code="a">xn05 2017-09-01 1 copy rec'd., to CIP ver.</subfield>
            <subfield code="f">rm06 2017-09-15 to CALM</subfield>
          </datafield>
          <datafield tag="010" ind1=" " ind2=" ">
            <subfield code="a">  2016052537</subfield>
          </datafield>
          <datafield tag="020" ind1=" " ind2=" ">
            <subfield code="a">9781503601529 (cloth : alk. paper)</subfield>
          </datafield>
          <datafield tag="020" ind1=" " ind2=" ">
            <subfield code="a">9781503602649 (pbk. : alk. paper)</subfield>
          </datafield>
          <datafield tag="020" ind1=" " ind2=" ">
            <subfield code="z">9781503602687 (ebook)</subfield>
          </datafield>
          <datafield tag="040" ind1=" " ind2=" ">
            <subfield code="a">CSt/DLC</subfield>
            <subfield code="b">eng</subfield>
            <subfield code="c">CSt</subfield>
            <subfield code="e">rda</subfield>
            <subfield code="d">DLC</subfield>
          </datafield>
          <datafield tag="042" ind1=" " ind2=" ">
            <subfield code="a">pcc</subfield>
          </datafield>
          <datafield tag="043" ind1=" " ind2=" ">
            <subfield code="a">f-sj---</subfield>
          </datafield>
          <datafield tag="050" ind1="0" ind2="0">
            <subfield code="a">HQ1793.5</subfield>
            <subfield code="b">.B76 2017</subfield>
          </datafield>
          <datafield tag="082" ind1="0" ind2="0">
            <subfield code="a">320.082/09624</subfield>
            <subfield code="2">23</subfield>
          </datafield>
          <datafield tag="100" ind1="1" ind2=" ">
            <subfield code="a">Brown, Marie Grace,</subfield>
            <subfield code="d">1982-</subfield>
            <subfield code="e">author.</subfield>
          </datafield>
          <datafield tag="245" ind1="1" ind2="0">
            <subfield code="a">Khartoum at night :</subfield>
            <subfield code="b">fashion and body politics in imperial Sudan /</subfield>
            <subfield code="c">Marie Grace Brown.</subfield>
          </datafield>
          <datafield tag="264" ind1=" " ind2="1">
            <subfield code="a">Stanford, California :</subfield>
            <subfield code="b">Stanford University Press,</subfield>
            <subfield code="c">2017.</subfield>
          </datafield>
          <datafield tag="300" ind1=" " ind2=" ">
            <subfield code="a">xv, 222 pages ;</subfield>
            <subfield code="c">23 cm</subfield>
          </datafield>
          <datafield tag="336" ind1=" " ind2=" ">
            <subfield code="a">text</subfield>
            <subfield code="2">rdacontent</subfield>
          </datafield>
          <datafield tag="337" ind1=" " ind2=" ">
            <subfield code="a">unmediated</subfield>
            <subfield code="2">rdamedia</subfield>
          </datafield>
          <datafield tag="338" ind1=" " ind2=" ">
            <subfield code="a">volume</subfield>
            <subfield code="2">rdacarrier</subfield>
          </datafield>
          <datafield tag="504" ind1=" " ind2=" ">
            <subfield code="a">Includes bibliographical references (pages 203-212) and index.</subfield>
          </datafield>
          <datafield tag="505" ind1="0" ind2=" ">
            <subfield code="a">The post office pen : the imperial mission -- "Forty white tobes" : enclosures and the campaign for pure bodies -- The schoolmistresses' ribs : dress, discipline, and progress -- The woman's voice : claiming city streets -- Khartoum at night : global politics and personal pleasures.</subfield>
          </datafield>
          <datafield tag="650" ind1=" " ind2="0">
            <subfield code="a">Women</subfield>
            <subfield code="z">Sudan</subfield>
            <subfield code="x">Social conditions</subfield>
            <subfield code="y">20th century.</subfield>
          </datafield>
          <datafield tag="650" ind1=" " ind2="0">
            <subfield code="a">Women's clothing</subfield>
            <subfield code="z">Sudan</subfield>
            <subfield code="x">History</subfield>
            <subfield code="y">20th century.</subfield>
          </datafield>
          <datafield tag="650" ind1=" " ind2="0">
            <subfield code="a">Women</subfield>
            <subfield code="x">Political activity</subfield>
            <subfield code="z">Sudan</subfield>
            <subfield code="x">History</subfield>
            <subfield code="y">20th century.</subfield>
          </datafield>
          <datafield tag="650" ind1=" " ind2="0">
            <subfield code="a">Fashion</subfield>
            <subfield code="x">Political aspects</subfield>
            <subfield code="z">Sudan</subfield>
            <subfield code="x">History</subfield>
            <subfield code="y">20th century.</subfield>
          </datafield>
          <datafield tag="650" ind1=" " ind2="0">
            <subfield code="a">Human body</subfield>
            <subfield code="x">Political aspects</subfield>
            <subfield code="z">Sudan</subfield>
            <subfield code="x">History</subfield>
            <subfield code="y">20th century.</subfield>
          </datafield>
          <datafield tag="651" ind1=" " ind2="0">
            <subfield code="a">Sudan</subfield>
            <subfield code="x">Politics and government</subfield>
            <subfield code="y">1899-1956.</subfield>
          </datafield>
          <datafield tag="985" ind1=" " ind2=" ">
            <subfield code="a">CStCIP</subfield>
            <subfield code="d">2016-11-16</subfield>
          </datafield>
        </record>
      </zs:recordData>
      <zs:recordPosition>32</zs:recordPosition>
    </zs:record>