
    <zs:record>
      <zs:recordSchema/>
      <zs:recordPacking>xml</zs:recordPacking>
      <zs:recordData>
        <record xmlns="http://www.loc.gov/MARC21/slim">
          <leader>02009nam a2200397 a 4500</leader>
          <controlfield tag="001">3098795</controlfield>
          <controlfield tag="005">19990406082522.5</controlfield>
          <controlfield tag="008">981016s1998    txuab    b   f000 0 eng d</controlfield>
          <datafield tag="035" ind1=" " ind2=" ">
            <subfield code="9">(DLC)   98210157</subfield>
          </datafield>
          <datafield tag="906" ind1=" " ind2=" ">
            <subfield code="a">7</subfield>
            <subfield code="b">cbc</subfield>
            <subfield code="c">copycat</subfield>
            <subfield code="d">2</subfield>
            <subfield code="e">ncip</subfield>
            <subfield code="f">19</subfield>
            <subfield code="g">y-gencatlg</subfield>
          </datafield>
          <datafield tag="955" ind1=" " ind2=" ">
            <subfield code="a">NG01 10-16-98;to CAT; to PSSA/SSCD for GN lh01 02-08-99; sf16/desc.; to subj. 03-06-99; sf12/subj. 03-11-99; sf04 03-24-99</subfield>
          </datafield>
          <datafield tag="010" ind1=" " ind2=" ">
            <subfield code="a">   98210157 </subfield>
          </datafield>
          <datafield tag="035" ind1=" " ind2=" ">
            <subfield code="a">(OCoLC)40048586 </subfield>
          </datafield>
          <datafield tag="040" ind1=" " ind2=" ">
            <subfield code="a">TxSalA</subfield>
            <subfield code="c">TxSalA</subfield>
            <subfield code="d">DLC</subfield>
          </datafield>
          <datafield tag="042" ind1=" " ind2=" ">
            <subfield code="a">lccopycat</subfield>
          </datafield>
          <datafield tag="043" ind1=" " ind2=" ">
            <subfield code="a">n-us-tx</subfield>
          </datafield>
          <datafield tag="050" ind1="0" ind2="0">
            <subfield code="a">E78.T4</subfield>
            <subfield code="b">F45 1998</subfield>
          </datafield>
          <datafield tag="082" ind1="0" ind2="0">
            <subfield code="a">976.4/555</subfield>
            <subfield code="2">21</subfield>
          </datafield>
          <datafield tag="100" ind1="1" ind2=" ">
            <subfield code="a">Ferring, C. Reid.</subfield>
          </datafield>
          <datafield tag="245" ind1="1" ind2="0">
            <subfield code="a">Archaeological investigations at five prehistoric sites at Lewisville Lake, Denton County, Texas /</subfield>
            <subfield code="c">by C. Reid Ferring, Bonnie C. Yates ; with contributions by K.L. Brown, Marie E. Brown.</subfield>
          </datafield>
          <datafield tag="260" ind1=" " ind2=" ">
            <subfield code="a">[Denton, Tex.] :</subfield>
            <subfield code="b">Center for Environmental Archaeology, University of North Texas ;</subfield>
            <subfield code="a">[Fort Worth, Tex.] :</subfield>
            <subfield code="b">U.S. Army Corps of Engineers,</subfield>
            <subfield code="c">1998.</subfield>
          </datafield>
          <datafield tag="300" ind1=" " ind2=" ">
            <subfield code="a">vi, 199 p. :</subfield>
            <subfield code="b">ill., maps ;</subfield>
            <subfield code="c">28 cm.</subfield>
          </datafield>
          <datafield tag="500" ind1=" " ind2=" ">
            <subfield code="a">"Submitted in partial fulfillment of Contract no. DACW63-86-C-0098, Fort Worth District, U.S. Army Corps of Engineers."</subfield>
          </datafield>
          <datafield tag="504" ind1=" " ind2=" ">
            <subfield code="a">Includes bibliographical references (p. 155-173).</subfield>
          </datafield>
          <datafield tag="650" ind1=" " ind2="0">
            <subfield code="a">Indians of North America</subfield>
            <subfield code="z">Texas</subfield>
            <subfield code="z">Garza-Little Elm Reservoir Region</subfield>
            <subfield code="x">Antiquities.</subfield>
          </datafield>
          <datafield tag="650" ind1=" " ind2="0">
            <subfield code="a">Indians of North America</subfield>
            <subfield code="x">Implements</subfield>
            <subfield code="z">Texas</subfield>
            <subfield code="z">Garza-Little Elm Reservoir Region.</subfield>
          </datafield>
          <datafield tag="650" ind1=" " ind2="0">
            <subfield code="a">Projectile points</subfield>
            <subfield code="z">Texas</subfield>
            <subfield code="z">Garza-Little Elm Reservoir Region.</subfield>
          </datafield>
          <datafield tag="650" ind1=" " ind2="0">
            <subfield code="a">Excavations (Archaeology)</subfield>
            <subfield code="z">Texas</subfield>
            <subfield code="z">Garza-Little Elm Reservoir Region.</subfield>
          </datafield>
          <datafield tag="651" ind1=" " ind2="0">
            <subfield code="a">Garza-Little Elm Reservoir Region (Tex.)</subfield>
            <subfield code="x">Antiquities.</subfield>
          </datafield>
          <datafield tag="700" ind1="1" ind2=" ">
            <subfield code="a">Yates, Bonnie C.</subfield>
          </datafield>
          <datafield tag="700" ind1="1" ind2=" ">
            <subfield code="a">Brown, Kenneth L.</subfield>
            <subfield code="q">(Kenneth Lynn),</subfield>
            <subfield code="d">1951-</subfield>
          </datafield>
          <datafield tag="700" ind1="1" ind2=" ">
            <subfield code="a">Brown, Marie E.</subfield>
          </datafield>
          <datafield tag="710" ind1="2" ind2=" ">
            <subfield code="a">University of North Texas.</subfield>
            <subfield code="b">Center for Environmental Archaeology.</subfield>
          </datafield>
          <datafield tag="710" ind1="1" ind2=" ">
            <subfield code="a">United States.</subfield>
            <subfield code="b">Army.</subfield>
            <subfield code="b">Corps of Engineers.</subfield>
            <subfield code="b">Fort Worth District.</subfield>
          </datafield>
          <datafield tag="922" ind1=" " ind2=" ">
            <subfield code="a">gs</subfield>
          </datafield>
          <datafield tag="991" ind1=" " ind2=" ">
            <subfield code="b">c-GenColl</subfield>
            <subfield code="h">E78.T4</subfield>
            <subfield code="i">F45 1998</subfield>
            <subfield code="t">Copy 1</subfield>
            <subfield code="w">BOOKS</subfield>
          </datafield>
        </record>
      </zs:recordData>
      <zs:recordPosition>43</zs:recordPosition>
    </zs:record>