
    <zs:record>
      <zs:recordSchema/>
      <zs:recordPacking>xml</zs:recordPacking>
      <zs:recordData>
        <record xmlns="http://www.loc.gov/MARC21/slim">
          <leader>02029cam a2200445 a 4500</leader>
          <controlfield tag="001">12717764</controlfield>
          <controlfield tag="005">20130528113436.0</controlfield>
          <controlfield tag="008">020325s2000    nmuab    b   s000 0 eng c</controlfield>
          <datafield tag="906" ind1=" " ind2=" ">
            <subfield code="a">7</subfield>
            <subfield code="b">cbc</subfield>
            <subfield code="c">copycat</subfield>
            <subfield code="d">2</subfield>
            <subfield code="e">ncip</subfield>
            <subfield code="f">20</subfield>
            <subfield code="g">y-gencatlg</subfield>
          </datafield>
          <datafield tag="925" ind1="0" ind2=" ">
            <subfield code="a">acquire</subfield>
            <subfield code="b">1 shelf copy</subfield>
            <subfield code="x">policy default</subfield>
          </datafield>
          <datafield tag="955" ind1=" " ind2=" ">
            <subfield code="a">ng03 2002-03-25 to SSCD</subfield>
            <subfield code="c">lk50 2002-09-06</subfield>
            <subfield code="d">lk03 2002-09-09 to shelflisting</subfield>
            <subfield code="e">lk13 2002-09-10 to Dewey</subfield>
          </datafield>
          <datafield tag="010" ind1=" " ind2=" ">
            <subfield code="a">  2002320700</subfield>
          </datafield>
          <datafield tag="035" ind1=" " ind2=" ">
            <subfield code="a">(OCoLC)ocm46987945</subfield>
          </datafield>
          <datafield tag="040" ind1=" " ind2=" ">
            <subfield code="a">NMS</subfield>
            <subfield code="c">NMS</subfield>
            <subfield code="d">IQU</subfield>
            <subfield code="d">DLC</subfield>
          </datafield>
          <datafield tag="042" ind1=" " ind2=" ">
            <subfield code="a">lccopycat</subfield>
          </datafield>
          <datafield tag="043" ind1=" " ind2=" ">
            <subfield code="a">n-us-nm</subfield>
          </datafield>
          <datafield tag="050" ind1="0" ind2="0">
            <subfield code="a">F804.A29</subfield>
            <subfield code="b">P65 2000</subfield>
          </datafield>
          <datafield tag="086" ind1=" " ind2=" ">
            <subfield code="a">NM Z 100.43:2000-2</subfield>
            <subfield code="2">nmdocs</subfield>
          </datafield>
          <datafield tag="100" ind1="1" ind2=" ">
            <subfield code="a">Polk, Harding.</subfield>
          </datafield>
          <datafield tag="245" ind1="1" ind2="0">
            <subfield code="a">Data recovery excavation of LA 66922 at Alamogordo, Otero County, New Mexico /</subfield>
            <subfield code="c">prepared for the New Mexico State Highway and Transportation Department by Harding Polk II, David A. Phillips, Jr. ; with contributions by Marie E. Brown ... [et al.] ; submitted by David A. Phillips, Jr.</subfield>
          </datafield>
          <datafield tag="246" ind1="3" ind2="0">
            <subfield code="a">LA 66922 at Alamogordo, Otero County, New Mexico</subfield>
          </datafield>
          <datafield tag="246" ind1="3" ind2=" ">
            <subfield code="a">Excavation at Alamogordo, Otero County, New Mexico</subfield>
          </datafield>
          <datafield tag="260" ind1=" " ind2=" ">
            <subfield code="a">[Santa Fe, N.M.] :</subfield>
            <subfield code="b">The Department</subfield>
            <subfield code="c">[2000]</subfield>
          </datafield>
          <datafield tag="300" ind1=" " ind2=" ">
            <subfield code="a">xii, 194 p. :</subfield>
            <subfield code="b">ill., maps ;</subfield>
            <subfield code="c">28 cm.</subfield>
          </datafield>
          <datafield tag="440" ind1=" " ind2="0">
            <subfield code="a">Cultural resource technical series ;</subfield>
            <subfield code="v">2000-2</subfield>
          </datafield>
          <datafield tag="500" ind1=" " ind2=" ">
            <subfield code="a">At head of title: SWCA Inc. Environmental Consultants.</subfield>
          </datafield>
          <datafield tag="500" ind1=" " ind2=" ">
            <subfield code="a">"SP-4916(202), CN 3650."</subfield>
          </datafield>
          <datafield tag="500" ind1=" " ind2=" ">
            <subfield code="a">"Performed under CPRC excavation permit no. SE-141."</subfield>
          </datafield>
          <datafield tag="500" ind1=" " ind2=" ">
            <subfield code="a">"NMCRIS no. 70082."</subfield>
          </datafield>
          <datafield tag="500" ind1=" " ind2=" ">
            <subfield code="a">"SWCA project no. 3007-8324 and report no. 00-62."</subfield>
          </datafield>
          <datafield tag="500" ind1=" " ind2=" ">
            <subfield code="a">"September 2000."</subfield>
          </datafield>
          <datafield tag="504" ind1=" " ind2=" ">
            <subfield code="a">Includes bibliographical references (p. 159-167).</subfield>
          </datafield>
          <datafield tag="650" ind1=" " ind2="0">
            <subfield code="a">Excavations (Archaeology)</subfield>
            <subfield code="z">New Mexico</subfield>
            <subfield code="z">Alamogordo Region.</subfield>
          </datafield>
          <datafield tag="650" ind1=" " ind2="0">
            <subfield code="a">Salvage archaeology</subfield>
            <subfield code="z">New Mexico</subfield>
            <subfield code="z">Alamogordo Region.</subfield>
          </datafield>
          <datafield tag="651" ind1=" " ind2="0">
            <subfield code="a">Alamogordo Region (N.M.)</subfield>
            <subfield code="x">Antiquities.</subfield>
          </datafield>
          <datafield tag="651" ind1=" " ind2="0">
            <subfield code="a">Otero County (N.M.)</subfield>
            <subfield code="x">Antiquities.</subfield>
          </datafield>
          <datafield tag="700" ind1="1" ind2=" ">
            <subfield code="a">Phillips, David Atlee,</subfield>
            <subfield code="d">1952-</subfield>
          </datafield>
          <datafield tag="700" ind1="1" ind2=" ">
            <subfield code="a">Brown, Marie E.</subfield>
          </datafield>
          <datafield tag="710" ind1="1" ind2=" ">
            <subfield code="a">New Mexico.</subfield>
            <subfield code="b">State Highway and Transportation Department.</subfield>
          </datafield>
          <datafield tag="710" ind1="2" ind2=" ">
            <subfield code="a">SWCA, Inc.</subfield>
          </datafield>
        </record>
      </zs:recordData>
      <zs:recordPosition>45</zs:recordPosition>
    </zs:record>