
    <zs:record>
      <zs:recordSchema/>
      <zs:recordPacking>xml</zs:recordPacking>
      <zs:recordData>
        <record xmlns="http://www.loc.gov/MARC21/slim">
          <leader>00853cam a22002411  4500</leader>
          <controlfield tag="001">5873856</controlfield>
          <controlfield tag="005">20020724110258.0</controlfield>
          <controlfield tag="008">791204s1874    pau           000 0 eng  </controlfield>
          <datafield tag="035" ind1=" " ind2=" ">
            <subfield code="9">(DLC)   08002898</subfield>
          </datafield>
          <datafield tag="906" ind1=" " ind2=" ">
            <subfield code="a">7</subfield>
            <subfield code="b">cbc</subfield>
            <subfield code="c">oclcrpl</subfield>
            <subfield code="d">u</subfield>
            <subfield code="e">ncip</subfield>
            <subfield code="f">19</subfield>
            <subfield code="g">y-gencatlg</subfield>
          </datafield>
          <datafield tag="010" ind1=" " ind2=" ">
            <subfield code="a">   08002898 </subfield>
          </datafield>
          <datafield tag="035" ind1=" " ind2=" ">
            <subfield code="a">(OCoLC)5760203</subfield>
          </datafield>
          <datafield tag="040" ind1=" " ind2=" ">
            <subfield code="a">DLC</subfield>
            <subfield code="c">OCl</subfield>
            <subfield code="d">DLC</subfield>
          </datafield>
          <datafield tag="041" ind1="1" ind2=" ">
            <subfield code="a">eng</subfield>
            <subfield code="h">swe</subfield>
          </datafield>
          <datafield tag="050" ind1="0" ind2="0">
            <subfield code="a">PZ3.S413</subfield>
            <subfield code="b">G</subfield>
          </datafield>
          <datafield tag="100" ind1="1" ind2=" ">
            <subfield code="a">Schwartz, Marie Sophie,</subfield>
            <subfield code="d">1819-1894.</subfield>
          </datafield>
          <datafield tag="245" ind1="1" ind2="0">
            <subfield code="a">Gerda; or,</subfield>
            <subfield code="b">The children of work.</subfield>
            <subfield code="c">By Marie Sophie Schwartz. Tr. from the Swedish by Selma Borg and Marie A. Brown.</subfield>
          </datafield>
          <datafield tag="260" ind1=" " ind2=" ">
            <subfield code="a">Philadelphia,</subfield>
            <subfield code="b">Porter &amp; Coates</subfield>
            <subfield code="c">[1874]</subfield>
          </datafield>
          <datafield tag="300" ind1=" " ind2=" ">
            <subfield code="a">344 p.</subfield>
            <subfield code="c">20 cm.</subfield>
          </datafield>
          <datafield tag="700" ind1="1" ind2=" ">
            <subfield code="a">Borg, Selma Josefina,</subfield>
            <subfield code="d">1838-</subfield>
            <subfield code="e">tr.</subfield>
          </datafield>
          <datafield tag="700" ind1="1" ind2=" ">
            <subfield code="a">Shipley, Marie A.</subfield>
            <subfield code="q">(Marie Adelaide),</subfield>
            <subfield code="d">1843-1900,</subfield>
            <subfield code="e">tr.</subfield>
          </datafield>
          <datafield tag="985" ind1=" " ind2=" ">
            <subfield code="e">OCLC REPLACEMENT</subfield>
          </datafield>
          <datafield tag="991" ind1=" " ind2=" ">
            <subfield code="b">c-GenColl</subfield>
            <subfield code="h">PZ3.S413</subfield>
            <subfield code="i">G</subfield>
            <subfield code="p">00022977891</subfield>
            <subfield code="t">Copy 1</subfield>
            <subfield code="w">OCLCREP</subfield>
          </datafield>
        </record>
      </zs:recordData>
      <zs:recordPosition>48</zs:recordPosition>
    </zs:record>