
    <zs:record>
      <zs:recordSchema/>
      <zs:recordPacking>xml</zs:recordPacking>
      <zs:recordData>
        <record xmlns="http://www.loc.gov/MARC21/slim">
          <leader>00766cam a2200229u  4500</leader>
          <controlfield tag="001">6851722</controlfield>
          <controlfield tag="005">20111206083451.0</controlfield>
          <controlfield tag="008">830623s1890    nyu     a     000 0 eng  </controlfield>
          <datafield tag="035" ind1=" " ind2=" ">
            <subfield code="9">(DLC)   22009714</subfield>
          </datafield>
          <datafield tag="906" ind1=" " ind2=" ">
            <subfield code="a">0</subfield>
            <subfield code="b">cbc</subfield>
            <subfield code="c">premunv</subfield>
            <subfield code="d">u</subfield>
            <subfield code="e">ncip</subfield>
            <subfield code="f">19</subfield>
            <subfield code="g">y-gencatlg</subfield>
          </datafield>
          <datafield tag="010" ind1=" " ind2=" ">
            <subfield code="a">   22009714 </subfield>
          </datafield>
          <datafield tag="040" ind1=" " ind2=" ">
            <subfield code="a">DLC</subfield>
            <subfield code="c">CarP</subfield>
            <subfield code="d">DLC</subfield>
          </datafield>
          <datafield tag="050" ind1="1" ind2="0">
            <subfield code="a">HX811 1890</subfield>
            <subfield code="b">.S5</subfield>
          </datafield>
          <datafield tag="050" ind1="0" ind2="0">
            <subfield code="a">Microfilm 67703 HX</subfield>
          </datafield>
          <datafield tag="100" ind1="1" ind2=" ">
            <subfield code="a">Shipley, Marie A.</subfield>
            <subfield code="q">(Marie Adelaide),</subfield>
            <subfield code="d">1843-1900.</subfield>
          </datafield>
          <datafield tag="245" ind1="0" ind2="4">
            <subfield code="a">The true author of Looking backward,</subfield>
          </datafield>
          <datafield tag="260" ind1=" " ind2=" ">
            <subfield code="a">New York,</subfield>
            <subfield code="b">J. B. Alden,</subfield>
            <subfield code="c">1890.</subfield>
          </datafield>
          <datafield tag="300" ind1=" " ind2=" ">
            <subfield code="a">1 p.l., [7]-47 p.</subfield>
            <subfield code="c">19 cm.</subfield>
          </datafield>
          <datafield tag="600" ind1="1" ind2="0">
            <subfield code="a">Bellamy, Edward,</subfield>
            <subfield code="d">1850-1898.</subfield>
            <subfield code="t">Looking backward.</subfield>
          </datafield>
          <datafield tag="600" ind1="1" ind2="0">
            <subfield code="a">Bebel, August,</subfield>
            <subfield code="d">1840-1913.</subfield>
            <subfield code="t">Frau und der Sozialismus.</subfield>
          </datafield>
          <datafield tag="985" ind1=" " ind2=" ">
            <subfield code="g">pmosl</subfield>
          </datafield>
          <datafield tag="991" ind1=" " ind2=" ">
            <subfield code="b">c-MicRR</subfield>
            <subfield code="h">Microfilm 67703 HX</subfield>
            <subfield code="t">Copy 1</subfield>
            <subfield code="w">PREM</subfield>
          </datafield>
        </record>
      </zs:recordData>
      <zs:recordPosition>62</zs:recordPosition>
    </zs:record>